
@article{aghajan2015impaired,
  title={Impaired spatial selectivity and intact phase precession in two-dimensional virtual reality},
  author={Aghajan, Zahra M and Acharya, Lavanya and Moore, Jason J and Cushman, Jesse D and Vuong, Cliff and Mehta, Mayank R},
  journal={Nature neuroscience},
  volume={18},
  number={1},
  pages={121--128},
  year={2015},
  publisher={Nature Publishing Group}
}

@article{aronov2014engagement,
  title={Engagement of neural circuits underlying 2D spatial navigation in a rodent virtual reality system},
  author={Aronov, Dmitriy and Tank, David W},
  journal={Neuron},
  volume={84},
  number={2},
  pages={442--456},
  year={2014},
  publisher={Elsevier}
}

@article{rickgauer2014simultaneous,
  title={Simultaneous cellular-resolution optical perturbation and imaging of place cell firing fields},
  author={Rickgauer, John Peter and Deisseroth, Karl and Tank, David W},
  journal={Nature neuroscience},
  volume={17},
  number={12},
  pages={1816--1824},
  year={2014},
  publisher={Nature Publishing Group}
}

@article{schmidt2013cellular,
  title={Cellular mechanisms of spatial navigation in the medial entorhinal cortex},
  author={Schmidt-Hieber, Christoph and H{\"a}usser, Michael},
  journal={Nature neuroscience},
  volume={16},
  number={3},
  pages={325--331},
  year={2013},
  publisher={Nature Publishing Group}
}

@article{ayaz2013locomotion,
  title={Locomotion controls spatial integration in mouse visual cortex},
  author={Ayaz, Asl{\i} and Saleem, Aman B and Sch{\"o}lvinck, Marieke L and Carandini, Matteo},
  journal={Current Biology},
  volume={23},
  number={10},
  pages={890--894},
  year={2013},
  publisher={Elsevier}
}

@article{saleem2013integration,
  title={Integration of visual motion and locomotion in mouse visual cortex},
  author={Saleem, Aman B and Ayaz, Asl{\i} and Jeffery, Kathryn J and Harris, Kenneth D and Carandini, Matteo},
  journal={Nature neuroscience},
  volume={16},
  number={12},
  pages={1864--1869},
  year={2013},
  publisher={Nature Publishing Group}
}

@article{keller2012sensorimotor,
  title={Sensorimotor mismatch signals in primary visual cortex of the behaving mouse},
  author={Keller, Georg B and Bonhoeffer, Tobias and H{\"u}bener, Mark},
  journal={Neuron},
  volume={74},
  number={5},
  pages={809--815},
  year={2012},
  publisher={Elsevier}
}

@article{harvey2009intracellular,
  title={Intracellular dynamics of hippocampal place cells during virtual navigation},
  author={Harvey, Christopher D and Collman, Forrest and Dombeck, Daniel A and Tank, David W},
  journal={Nature},
  volume={461},
  number={7266},
  pages={941--946},
  year={2009},
  publisher={Nature Publishing Group}
}

@article{wang2007area,
  title={Area map of mouse visual cortex},
  author={Wang, Quanxin and Burkhalter, Andreas},
  journal={Journal of Comparative Neurology},
  volume={502},
  number={3},
  pages={339--357},
  year={2007},
  publisher={Wiley Online Library}
}

@article{holscher2005rats,
  title={Rats are able to navigate in virtual environments},
  author={H{\"o}lscher, Christian and Schnee, A and Dahmen, H and Setia, L and Mallot, HA},
  journal={The Journal of experimental biology},
  volume={208},
  number={3},
  pages={561--569},
  year={2005},
  publisher={The Company of Biologists Ltd}
}

@article{schuett2002mapping,
  title={Mapping retinotopic structure in mouse visual cortex with optical imaging},
  author={Schuett, Sven and Bonhoeffer, Tobias and H{\"u}bener, Mark},
  journal={The Journal of neuroscience},
  volume={22},
  number={15},
  pages={6549--6559},
  year={2002},
  publisher={Soc Neuroscience}
}

@article{wagor1980retinotopic,
  title={Retinotopic organization of striate and extrastriate visual cortex in the mouse},
  author={Wagor, Earl and Mangini, Nancy J and Pearlman, Alan L},
  journal={Journal of Comparative Neurology},
  volume={193},
  number={1},
  pages={187--202},
  year={1980},
  publisher={Wiley Online Library}
}

@book{hughes1977topography,
  title={The topography of vision in mammals of contrasting life style: comparative optics and retinal organisation},
  author={Hughes, Austin},
  year={1977},
  publisher={Springer}
}

@article{Dombeck2010VR,
  title={Functional imaging of hippocampal place cells at cellular reolution during virtual naviation},
  author={Dombeck, Daniel A and Harvey, Christopher D and Tian, Lin and Looger, Loren L and Tank, David W},
  journal={Nature Neuroscience},
  volume={13},
  number={11},
  year={2010},
  publisher={Nature Publishing Group}
}

@article{Moser2008RodentSpaceRev,
  title={Place Cells, Grid Cells, and the Brain's Spatial Representation System},
  author={Moser, Edvard I and Kropff, Emilio and Moser, May-Britt},
  journal={Annual Review of Neuroscience},
  volume={13},
  number={1},
  pages={69--89},
  year={2008},
  publisher={Elsevier}
}

  volume={16},
  number={12},
  year={2013},
  publisher={Nature Publishing Group}

}

@article{Aronov2014RatVRcone,
  title={Engagement of Neural Circuits Underlying 2D Spatial navigation in a Rodent Virtual Reality System},
  author={Aronov, Dmitriy and Tank, David W},
  journal={Neuron},
  volume={84},
  number={2},
  pages={442--456},
  year={2014},
  publisher={Elsevier}

}